
@article{desikan_automated_2006,
	title = {An automated labeling system for subdividing the human cerebral cortex on {MRI} scans into gyral based regions of interest},
	volume = {31},
	issn = {1053-8119},
	url = {http://www.sciencedirect.com/science/article/pii/S1053811906000437},
	doi = {10.1016/j.neuroimage.2006.01.021},
	number = {3},
	urldate = {2019-07-13},
	journal = {NeuroImage},
	author = {Desikan, Rahul S. and SÃ©gonne, Florent and Fischl, Bruce and Quinn, Brian T. and Dickerson, Bradford C. and Blacker, Deborah and Buckner, Randy L. and Dale, Anders M. and Maguire, R. Paul and Hyman, Bradley T. and Albert, Marilyn S. and Killiany, Ronald J.},
	month = jul,
	year = {2006},
	pages = {968--980},
	file = {ScienceDirect Full Text PDF:/Users/Az/Zotero/storage/4ZZPQN74/Desikan et al. - 2006 - An automated labeling system for subdividing the h.pdf:application/pdf;ScienceDirect Snapshot:/Users/Az/Zotero/storage/VHZCMXSP/S1053811906000437.html:text/html}
}